@book{dontUseBars,
  author = {Peter H. Westfall},
  publisher = {Sas Institute Inc},
  title = {Multiple Comparisons and Multiple Tests using the SAS System},
  year = {1999},
  url = {https://support.sas.com/resources/papers/proceedings/proceedings/sugi24/Stats/p264-24.pdf},
  pages={69-70}
}


@inproceedings{CLDInvest,
  title={Compact Letter Displays to concisely represent pairwise sensory information},
  author={John M. Ennis and Charles M. Fayle and Daniel M. Ennis},
  year={2011},
  url={https://api.semanticscholar.org/CorpusID:63443861},
  booktitle = {Compact Letter Displays to concisely represent pairwise sensory information}
}


@article{CLDVsLines,
author = {Hans-Peter Piepho},
title = {An Algorithm for a Letter-Based Representation of All-Pairwise Comparisons},
journal = {Journal of Computational and Graphical Statistics},
volume = {13},
number = {2},
pages = {456--466},
year = {2004},
publisher = {ASA Website},
doi = {10.1198/1061860043515},
URL = {https://doi.org/10.1198/1061860043515}
}

@misc{doeBook,
  author = {St, Cahyono},
  year = {2022},
  month = {06},
  pages = {},
  title = {Design and Analysis of Experiments},
  isbn = {978-1-118-14692-7}
}



@book{aovLibre,
  author = {Penn State's Department of Statistics},
  editor = {},
  publisher = {The Pennsylvania State University},
  title = {Analysis of Variance and Design of Experiments},
  year = {2023}
}

@misc{diffogramAndOtra,
  author = {Rick Wicklin},
  howpublished = {Online},
  title = {The diffogram and other graphs for multiple comparisons of means},
  year = {2017},
  url={https://blogs.sas.com/content/iml/2017/10/18/diffogram-multiple-comparisons-sas.html},
  publisher={SAS Institute}
}


@misc{procPLM,
  howpublished = {Online},
  title = {SAS/STAT® 14.1 Users Guide The PLM Procedure},
  year = {2015},
  url={https://support.sas.com/documentation/onlinedoc/stat/141/plm.pdf},
  publisher={SAS Institute},
  author={SAS Institute}
}

@misc{procGlimmy,
  howpublished = {Online},
  title = {SAS/STAT® 12.3 Users Guide The GLIMMIX Procedure},
  year = {2013},
  url={https://support.sas.com/documentation/onlinedoc/stat/123/glimmix.pdf},
  publisher={SAS Institute},
  author={SAS Institute}
}

@misc{rmultcomp,
  author = {orsten Hothorn ORCID iD},
  howpublished = {Online},
  title = {multcomp: Simultaneous Inference in General Parametric Models},
  year = {2010},
  url={https://cran.r-project.org/web/packages/multcomp/index.html},
  publisher={CRAN}
}